<?xml version="1.0" encoding="UTF-8"?><collection xmlns="http://www.loc.gov/MARC21/slim"><record><leader>00521nam--2200181-i-4500</leader><controlfield tag="001">000046630</controlfield><controlfield tag="002">20161230</controlfield><controlfield tag="005">20161230201046</controlfield><controlfield tag="008">060222s1000------------r-----000-0-rum-d</controlfield><datafield ind1=" " ind2=" " tag="040"><subfield code="a">IFIN-HH</subfield></datafield><datafield ind1=" " ind2=" " tag="041"><subfield code="a">rum</subfield></datafield><datafield ind1=" " ind2=" " tag="080"><subfield code="a">530.1</subfield></datafield><datafield ind1="1" ind2=" " tag="100"><subfield code="a">Vescan, Teofil T</subfield></datafield><datafield ind1="1" ind2="0" tag="245"><subfield code="a">Fizica teoretica</subfield><subfield code="b">Vol.1: fizica continutului: mecanica, electricitate si teoria relativitatii</subfield><subfield code="c">Teofil t. vescan</subfield></datafield><datafield ind1=" " ind2=" " tag="260"><subfield code="a">Bucuresti</subfield><subfield code="b">Tipografia Invatamintului</subfield><subfield code="c">1957</subfield></datafield><datafield ind1=" " ind2=" " tag="300"><subfield code="a">477P</subfield></datafield><datafield ind1=" " ind2=" " tag="852"><subfield code="a">44478</subfield><subfield code="c">H.H</subfield></datafield><datafield ind1=" " ind2=" " tag="CAT"><subfield code="a">Sys</subfield><subfield code="c">20130409</subfield><subfield code="h">122048</subfield></datafield></record></collection>